@inproceedings{papadopoulo2000estimating,
  title={Estimating the jacobian of the singular value decomposition: Theory and applications},
  author={Papadopoulo, Th{\'e}odore and Lourakis, Manolis IA},
  booktitle={European Conference on Computer Vision},
  pages={554--570},
  year={2000},
  organization={Springer}
}