@article{forster2016manifold,
  title={On-manifold preintegration for real-time visual--inertial odometry},
  author={Forster, Christian and Carlone, Luca and Dellaert, Frank and Scaramuzza, Davide},
  journal={IEEE Transactions on Robotics},
  volume={33},
  number={1},
  pages={1--21},
  year={2016},
  publisher={IEEE}
}